000045236 FMT   L BK
000045236 LDR   L 00000cam^a2200769zi^4500
000045236 001   L 000045236
000045236 005   L 20180104182933.0
000045236 008   L 820419s1980^^^^fi^|||||||||||||||||eng||
000045236 015   L $$afx118201$$2skl
000045236 020   L $$a951-9102-14-0$$qnidottu
000045236 035   L $$a(FI-MELINDA)000045236
000045236 040   L $$aFI-NL
000045236 0411  L $$aeng$$hfin
000045236 042   L $$afinb
000045236 080   L $$a894.541$$x-2$$21974/fin/fennica$$9FENNI<KEEP>
000045236 084   L $$a83.5$$2ykl
000045236 1001  L $$aKivi, Aleksis,$$d1834-1872.$$0(FIN11)000068031
000045236 24010 L $$aKihlaus
000045236 24510 L $$aEva /$$cby Aleksis Kivi ; transl. by R. P. Cowl.
000045236 260   L $$aHki ;$$aDublin :$$bYritystieto :$$bBookserve,$$c1980$$e(Hki :$$fHeloffset)
000045236 300   L $$a24, [1] s. :$$bmuotokuva ;$$c21 cm
000045236 336   L $$ateksti$$btxt$$2rdacontent
000045236 337   L $$akäytettävissä ilman laitetta$$bn$$2rdamedia
000045236 338   L $$anide$$bnc$$2rdacarrier
000045236 4901  L $$aPublications of the Finnish-Irish Society,$$x0359-0674 ;$$vno. 1
000045236 4901  L $$aPublications of the Finnish-Irish Society,$$x0359-0674 ;$$v1
000045236 500   L $$aA facsimile reprint from The Dublin Magazine, 1926.$$9FENNI<KEEP>
000045236 500   L $$aIntroduction by Michael Wynne-Ellis.$$9FENNI<KEEP>
000045236 650 7 L $$aenglanninkielinen kirjallisuus$$2ysa
000045236 650 7 L $$akäännökset$$2ysa
000045236 650 7 L $$anäytelmät$$2ysa
000045236 7001  L $$aCowl, R. P.
000045236 7001  L $$aWynne-Ellis, Michael.
000045236 830 0 L $$aPublications of the Finnish-Irish Society,$$x0359-0674 ;$$vno. 1.
000045236 830 0 L $$aPublications of the Finnish-Irish Society,$$x0359-0674 ;$$v1.
000045236 903   L $$ab$$5FENNI
000045236 904   L $$ap$$5FENNI
000045236 908   L $$afi
