000561426 FMT   L BK
000561426 LDR   L 00000cam^a2200577zi^4500
000561426 001   L 000561426
000561426 005   L 20180105061710.0
000561426 008   L 970514s1916^^^^fi^|||||||||||||||d|swe||
000561426 015   L $$af431676$$2skl
000561426 035   L $$a(FI-MELINDA)000561426
000561426 040   L $$aFI-NL
000561426 0411  L $$aswe$$hfin
000561426 042   L $$afinb
000561426 080   L $$a894.541$$x-2$$21974/fin/fennica$$9FENNI<KEEP>
000561426 1001  L $$aKivi, Aleksis,$$d1834-1872.$$0(FIN11)000068031
000561426 24010 L $$aKihlaus
000561426 24510 L $$aFörlofningen :$$blustspel i en akt /$$cAlexis Kivi ; öfvers. från finskan af Per Åke Laurén.
000561426 260   L $$aHelsingfors :$$bSchildt,$$c1916.
000561426 300   L $$a42 s.
000561426 336   L $$ateksti$$btxt$$2rdacontent
000561426 337   L $$akäytettävissä ilman laitetta$$bn$$2rdamedia
000561426 338   L $$anide$$bnc$$2rdacarrier
000561426 4901  L $$aSvensk teater i Finland ;$$v10
000561426 5611  L $$aH Reenpää: Torsten Sievers[?] 1916. - [Heikki Reenpää].$$5HELKA
000561426 650 7 L $$asuomenkielinen kirjallisuus$$xnäytelmäkirjallisuus$$xkäännökset$$xruotsin kieli$$y1860-luku$$2ysa
000561426 650 7 L $$akäännöskirjallisuus$$xsuomen kieli$$xruotsin kieli$$2ysa
000561426 7001  L $$aLaurén, Per Åke,$$d1879-1951.$$0(FIN11)000084742
000561426 830 0 L $$aSvensk teater i Finland ;$$v10.
000561426 904   L $$ap$$5FENNI
