000729619 FMT   L BK
000729619 LDR   L 00000cam^a2200565^i^4500
000729619 001   L 000729619
000729619 005   L 20180106093553.0
000729619 008   L 930101s1988^^^^fr^|||||||||||||||d|fre|^
000729619 015   L $$af930512$$2skl
000729619 020   L $$z2-7169-0220-9$$qnidottu
000729619 020   L $$z2-7169-0220-9
000729619 035   L $$a(FI-MELINDA)000729619
000729619 040   L $$aFI-NL
000729619 0411  L $$afre$$hfin
000729619 042   L $$afinb
000729619 080   L $$a894.541$$x-2$$21974/fin/fennica$$9FENNI<KEEP>
000729619 084   L $$a83.61$$2ykl
000729619 1001  L $$aKivi, Aleksis,$$d1834-1872.$$0(FIN11)000068031
000729619 24010 L $$aKihlaus
000729619 24514 L $$aLes cordonniers de la lande :$$bcomédie en cinq actes /$$cAleksis Kivi ; traduite du finnois par Lucie Thomas et Aimo Sakari.
000729619 260   L $$a[Paris] :$$bPublications orientalistes de France,$$ccop. 1988.
000729619 300   L $$a165, [1] s. ;$$c21 cm
000729619 336   L $$ateksti$$btxt$$2rdacontent
000729619 337   L $$akäytettävissä ilman laitetta$$bn$$2rdamedia
000729619 338   L $$anide$$bnc$$2rdacarrier
000729619 4900  L $$aCollection littérature d'étranges pays
000729619 4900  L $$aCollection littératures d'étranges pays
000729619 563   L $$aNidottu.
000729619 7001  L $$aThomas, Lucie.
000729619 7001  L $$aSakari, Aimo,$$d1911-2001.$$0(FIN11)000057882
000729619 903   L $$ac$$5FENNI
000729619 908   L $$afi
000729619 908   L $$afin
