001284805 FMT   L BK
001284805 LDR   L 00000cam^a2200757zi^4500
001284805 001   L 001284805
001284805 005   L 20190208125036.0
001284805 008   L 951023s1934^^^^fi^|||||||||||||||d|fin||
001284805 015   L $$af491472$$2skl
001284805 035   L $$a(FI-MELINDA)001284805
001284805 040   L $$aFI-NL
001284805 0410  L $$afin
001284805 042   L $$afinb
001284805 080   L $$a894.541$$x-22
001284805 080   L $$a894.541$$x-2$$21974/fin/fennica$$9FENNI<KEEP>
001284805 084   L $$a83.2$$2ykl
001284805 1001  L $$aKivi, Aleksis,$$d1834-1872.$$0(FIN11)000068031
001284805 24510 L $$aKihlaus :$$bkomedia 1:ssä näytöksessä /$$cAleksis Kivi.
001284805 260   L $$aPorvoo :$$bWSOY,$$c1934.
001284805 300   L $$a[2], 23, [2] s. ;$$c4:o
001284805 336   L $$ateksti$$btxt$$2rdacontent
001284805 337   L $$akäytettävissä ilman laitetta$$bn$$2rdamedia
001284805 338   L $$anide$$bnc$$2rdacarrier
001284805 500   L $$aFacsimile käsikirjoituksesta. Painettu 600 numeroitua kappaletta.$$9FENNI<KEEP>
001284805 500   L $$aFaksimile-painos käsikirjoituksesta.
001284805 500   L $$aFaksimile käsikirjoituksesta. Painettu 600 numeroitua kappaletta.
001284805 546   L $$aLaitoksesta 2 eri versiota: 1. Kolofonissa mainittu kustantaja sekä teksti: painoksen suuruus on 650 numeroitua kappaletta, joista tämä on ...; 2. Kolofonissa mainittu vain kustantaja.
001284805 5611  L $$aH Reenpää: [Heikki Reenpää].$$5HELKA
001284805 563   L $$aNidottu.
001284805 650 7 L $$asuomenkielinen kirjallisuus$$xnäytelmäkirjallisuus$$xkomediat$$y1860-luku$$2ysa
001284805 650 7 L $$anäytelmät$$2kaunokki
001284805 650 7 L $$akomediat$$2kaunokki
001284805 655 7 L $$akomediat$$2ysa
001284805 655 7 L $$anäytelmät$$2ysa
001284805 904   L $$ap$$5FENNI
001284805 908   L $$afi
