002339884 FMT   L BK
002339884 LDR   L 00000cam^a2200421zi^4500
002339884 001   L 002339884
002339884 005   L 20180109071136.0
002339884 008   L 971230s1903^^^^fi^|||||||||||||||d|fin||
002339884 015   L $$af413598$$2skl
002339884 035   L $$a(FI-MELINDA)002339884
002339884 040   L $$aFI-NL
002339884 0410  L $$afin
002339884 042   L $$afinb
002339884 080   L $$a894.541$$x-2$$21974/fin/fennica$$9FENNI<KEEP>
002339884 1001  L $$aKivi, Aleksis,$$d1834-1872.$$0(FIN11)000068031
002339884 24510 L $$aKihlaus :$$bkomedia yhdessä näytöksessä /$$cAleksis Kivi.
002339884 260   L $$aHelsinki :$$bSuomalaisen Kirjallisuuden Seura,$$c1903.
002339884 300   L $$a24 s.
002339884 336   L $$ateksti$$btxt$$2rdacontent
002339884 337   L $$akäytettävissä ilman laitetta$$bn$$2rdamedia
002339884 338   L $$anide$$bnc$$2rdacarrier
002339884 653   L $$anäytelmät
002339884 904   L $$ap$$5FENNI
