002341631 FMT   L BK
002341631 LDR   L 00000cam^a2200577zi^4500
002341631 001   L 002341631
002341631 005   L 20180109072642.0
002341631 008   L 950613s1939^^^^fi^|||||||||||||||d|fin||
002341631 015   L $$af519722$$2skl
002341631 035   L $$z(FI-MELINDA)004369939
002341631 035   L $$a(FI-MELINDA)002341631
002341631 040   L $$aFI-NL
002341631 0410  L $$afin
002341631 042   L $$afinb
002341631 080   L $$a894.541$$x-2$$21974/fin/fennica$$9FENNI<KEEP>
002341631 1001  L $$aKivi, Aleksis,$$d1834-1872.$$0(FIN11)000068031
002341631 24510 L $$aKihlaus :$$bkomedia /$$cAleksis Kivi.
002341631 260   L $$aHelsinki :$$bSuomalaisen Kirjallisuuden Seura,$$c1939.
002341631 300   L $$a24 s.
002341631 336   L $$ateksti$$btxt$$2rdacontent
002341631 337   L $$akäytettävissä ilman laitetta$$bn$$2rdamedia
002341631 338   L $$anide$$bnc$$2rdacarrier
002341631 500   L $$aErip. Aleksis Kiven Koottujen teosten 2 osasta.$$9FENNI<KEEP>
002341631 530   L $$aKäytettävissä filmikortteina Kansalliskirjastossa.$$9FENNI<KEEP>
002341631 650 7 L $$anäytelmät$$xsuomen kieli$$2ysa
002341631 650 7 L $$akaunokirjallisuus$$xsuomenkielinen kirjallisuus$$2ysa
002341631 904   L $$ap$$5FENNI
