003183742 FMT   L BK
003183742 LDR   L 00000cam^a2200529zi^4500
003183742 001   L 003183742
003183742 005   L 20171002165831.0
003183742 008   L 930101s1955^^^^fi^|||||||||||||||d|fin||
003183742 015   L $$af568474$$2skl
003183742 035   L $$a(FI-MELINDA)003183742
003183742 040   L $$aFI-NL
003183742 0410  L $$afin
003183742 042   L $$afinb
003183742 080   L $$a894.541$$x-22
003183742 080   L $$a894.541$$x-2$$9FENNI<KEEP>
003183742 1001  L $$aKivi, Aleksis,$$d1834-1872.$$0(FIN11)000068031
003183742 24510 L $$aKihlaus :$$bkomedia 1:ssä näytöksessä /$$cAleksis Kivi.
003183742 260   L $$aHelsinki :$$bAleksis Kiven seura,$$c1955.
003183742 300   L $$a[2], 25, [2] s.
003183742 336   L $$ateksti$$btxt$$2rdacontent
003183742 337   L $$akäytettävissä ilman laitetta$$bn$$2rdamedia
003183742 338   L $$anide$$bnc$$2rdacarrier
003183742 500   L $$aAlkuperäiskäsikirjoituksen faksimilepainos$$9FENNI<KEEP>
003183742 5611  L $$aH Reenpää: Ex libris Aleksis Kiven seura. - Kaarlo Urpelainen. - [Heikki Reenpää].$$5HELKA
003183742 650 7 L $$akaunokirjallisuus$$xsuomenkielinen kirjallisuus$$2ysa
003183742 650 7 L $$anäytelmät$$xsuomen kieli$$2ysa
003183742 650 7 L $$asuomenkielinen kirjallisuus$$xnäytelmäkirjallisuus$$xkomediat$$y1860-luku$$2ysa
