003268210 FMT   L BK
003268210 LDR   L 00000cam^a2200577zi^4500
003268210 001   L 003268210
003268210 005   L 20171002165910.0
003268210 008   L 960808s1919^^^^fi^|||||||||||||||d|fin||
003268210 015   L $$af462865$$2skl
003268210 035   L $$a(FI-MELINDA)003268210
003268210 040   L $$aFI-NL
003268210 0410  L $$afin
003268210 042   L $$afinb
003268210 080   L $$a894.541$$x-2$$9FENNI<KEEP>
003268210 084   L $$a83.2$$2ykl
003268210 1001  L $$aKivi, Aleksis,$$d1834-1872.$$0(FIN11)000068031
003268210 24510 L $$aKihlaus :$$bkomedia /$$cAleksis Kivi.
003268210 260   L $$aHelsinki :$$bSuomalaisen Kirjallisuuden Seura ,$$c1919.
003268210 300   L $$a24 s.
003268210 336   L $$ateksti$$btxt$$2rdacontent
003268210 337   L $$akäytettävissä ilman laitetta$$bn$$2rdamedia
003268210 338   L $$anide$$bnc$$2rdacarrier
003268210 500   L $$aErip.: "Koottujen teosten" 2 osasta.$$9FENNI<KEEP>
003268210 500   L $$aErip.: Kootut teokset 2 / Aleksis Kivi.
003268210 500   L $$aLisäpainokset: Uusi p. 1922.
003268210 500   L $$aErip. Aleksis Kiven Koottujen teosten II osasta.
003268210 530   L $$aKäytettävissä filmikortteina Kansalliskirjastossa.$$9FENNI<KEEP>
003268210 500   L $$aIlm. myös v. 1946.
003268210 563   L $$aSidottu.
003268210 650 7 L $$akaunokirjallisuus$$xsuomenkielinen kirjallisuus$$2ysa
003268210 650 7 L $$anäytelmät$$xsuomen kieli$$2ysa
003268210 904   L $$ap$$5FENNI
