003268211 FMT   L BK
003268211 LDR   L 00000cam^a2200673zi^4500
003268211 001   L 003268211
003268211 005   L 20171002165918.0
003268211 008   L 970515s1922^^^^fi^|||||||||||||||d|fin||
003268211 015   L $$af436004$$2skl
003268211 035   L $$a(FI-MELINDA)003268211
003268211 040   L $$aFI-NL
003268211 0410  L $$afin
003268211 042   L $$afinb
003268211 080   L $$a894.541$$x-22
003268211 080   L $$a894.541$$x-2$$9FENNI<KEEP>
003268211 1001  L $$aKivi, Aleksis,$$d1834-1872.$$0(FIN11)000068031
003268211 24510 L $$aKihlaus :$$bkomedia /$$ckirjoittanut Aleksis Kivi.
003268211 260   L $$aHelsinki :$$bSuomalaisen Kirjallisuuden Seura,$$c1922.
003268211 300   L $$a24 s.
003268211 336   L $$ateksti$$btxt$$2rdacontent
003268211 337   L $$akäytettävissä ilman laitetta$$bn$$2rdamedia
003268211 338   L $$anide$$bnc$$2rdacarrier
003268211 500   L $$aErip.: "Koottujen teosten" 2 osasta.$$9FENNI<KEEP>
003268211 500   L $$aLisäpainokset: Uusi p. 1928.
003268211 500   L $$aErip.: Kootut teokset / Aleksis Kivi, 2. osasta.
003268211 500   L $$aSivujako erilainen kuin v. 1919 painoksessa, josta puuttuu myös rivinumerointi.
003268211 530   L $$aKäytettävissä filmikortteina Kansalliskirjastossa.$$9FENNI<KEEP>
003268211 5611  L $$aH Reenpää: [Heikki Reenpää].$$5HELKA
003268211 650 7 L $$akaunokirjallisuus$$xsuomenkielinen kirjallisuus$$2ysa
003268211 650 7 L $$anäytelmät$$xsuomen kieli$$2ysa
003268211 650 7 L $$asuomenkielinen kirjallisuus$$xnäytelmäkirjallisuus$$xkomediat$$y1860-luku$$2ysa
003268211 650 7 L $$afinsk litteratur$$xskådespel$$2allars
003268211 904   L $$ap$$5FENNI
