005469515 FMT   L BK
005469515 LDR   L 00000cam^a2200565zi^4500
005469515 001   L 005469515
005469515 005   L 20171002165919.0
005469515 008   L 970709s1909^^^^fi^|||||||||||||||d|fin||
005469515 015   L $$af437741$$2skl
005469515 035   L $$z(FI-MELINDA)005469516
005469515 035   L $$a(FI-MELINDA)005469515
005469515 040   L $$aFI-NL
005469515 0410  L $$afin
005469515 042   L $$afinb
005469515 080   L $$a894.541$$x-2$$9FENNI<KEEP>
005469515 084   L $$a83.2$$2ykl
005469515 1001  L $$aKivi, Aleksis,$$d1834-1872.$$0(FIN11)000068031
005469515 24510 L $$aKihlaus :$$bkomedia yhdessä näytöksessä /$$cAleksis Kivi.
005469515 260   L $$aHelsinki :$$bSuomalaisen Kirjallisuuden seura,$$c1909.
005469515 300   L $$a21 s.
005469515 336   L $$ateksti$$btxt$$2rdacontent
005469515 337   L $$akäytettävissä ilman laitetta$$bn$$2rdamedia
005469515 338   L $$anide$$bnc$$2rdacarrier
005469515 563   L $$aNidottu.
005469515 653   L $$anäytelmät
005469515 904   L $$ap$$5FENNI
005469515 908   L $$afi
