006600699 FMT   L BK
006600699 LDR   L 00000cam^a22003732i^4500
006600699 001   L 006600699
006600699 005   L 20180115010513.0
006600699 008   L 970321s1916^^^^sw^|||||||||||||||d|swe||
006600699 015   L $$af447241$$2skl
006600699 035   L $$a(FI-MELINDA)006600699
006600699 040   L $$aFI-NL
006600699 0411  L $$aswe$$hfin
006600699 042   L $$afinb
006600699 080   L $$a894.541$$x-2$$21974/fin/fennica$$9FENNI<KEEP>
006600699 1001  L $$aKivi, Aleksis,$$d1834-1872.$$0(FIN11)000068031
006600699 24010 L $$aKihlaus
006600699 24510 L $$aFörlofningen :$$blustspel i en akt /$$cAleksis Kivi ; öfvers. från finskan af Per Åke Laurén.
006600699 260   L $$aStockholm :$$bBonnier,$$c1916.
006600699 300   L $$a42 s.
006600699 336   L $$ateksti$$btxt$$2rdacontent
006600699 337   L $$akäytettävissä ilman laitetta$$bn$$2rdamedia
006600699 338   L $$anide$$bnc$$2rdacarrier
006600699 500   L $$aVrt. Svensk teater i Finland, 10.$$9FENNI<KEEP>
006600699 7001  L $$aLaurén, Per Åke,$$d1879-1951.$$0(FIN11)000084742
006600699 903   L $$ac$$5FENNI
006600699 904   L $$ap$$5FENNI
