011535246 FMT   L BK
011535246 LDR   L 00000cam^a22005532i^4500
011535246 001   L 011535246
011535246 005   L 20171020183957.0
011535246 008   L 171020s1946^^^^fi^|||||||||||||||d|fin||
011535246 015   L $$af521446$$2skl
011535246 035   L $$z(FI-MELINDA)000558224
011535246 035   L $$z(FI-MELINDA)003268215
011535246 040   L $$aFI-NL
011535246 0410  L $$afin
011535246 042   L $$afinb
011535246 080   L $$a894.541$$x-2$$9FENNI<KEEP>
011535246 084   L $$a83.2$$2ykl
011535246 1001  L $$aKivi, Aleksis,$$d1834-1872.$$0(FIN11)000068031
011535246 24510 L $$aKihlaus :$$bkomedia /$$ckirj. Aleksis Kivi.
011535246 260   L $$aHelsinki :$$bSuomalaisen kirjallisuuden seura,$$c1946.
011535246 300   L $$a[2], 24 s.
011535246 336   L $$ateksti$$btxt$$2rdacontent
011535246 337   L $$akäytettävissä ilman laitetta$$bn$$2rdamedia
011535246 338   L $$anide$$bnc$$2rdacarrier
011535246 563   L $$aNidottu.
011535246 583   L $$aAUTOMATICALLY MERGED FROM (FI-MELINDA)003268215 + (FI-MELINDA)000558224$$c2017-10-20T18:39:56+03:00$$5MELINDA
011535246 650 7 L $$akaunokirjallisuus$$xsuomenkielinen kirjallisuus$$2ysa
011535246 650 7 L $$anäytelmät$$xsuomen kieli$$2ysa
011535246 650 7 L $$akomediat$$2kaunokki
011535246 650 7 L $$anäytelmät$$zSuomi$$y1866$$2kaunokki
011535246 904   L $$ap$$5FENNI
011535246 908   L $$afi
