011535256 FMT   L BK
011535256 LDR   L 00000cam^a22008417i^4500
011535256 001   L 011535256
011535256 005   L 20181225172834.0
011535256 008   L 171020s1944^^^^xx^||||^||||||||||d|fin||
011535256 015   L $$af521447$$2skl
011535256 035   L $$z(FI-MELINDA)001955286
011535256 035   L $$z(FI-MELINDA)009268628
011535256 035   L $$a(FI-MELINDA)011535256
011535256 040   L $$aFI-NL
011535256 0410  L $$afin
011535256 042   L $$afinb
011535256 080   L $$a894.541$$x-2$$9FENNI<KEEP>
011535256 080   L $$a894.541$$x-22
011535256 084   L $$a83.2$$2ykl
011535256 084   L $$a83.2
011535256 1001  L $$aKivi, Aleksis,$$d1834-1872.$$0(FIN11)000068031
011535256 24510 L $$aKihlaus :$$bkomedia 1:ssä näytöksessä /$$cAleksis Kivi; kuvittanut Erkki Tanttu
011535256 260   L $$aHelsinki :$$bOtava,$$c1944
011535256 300   L $$a31 s. ;$$bkuv ;.$$c25 cm
011535256 336   L $$ateksti$$btxt$$2rdacontent
011535256 337   L $$akäytettävissä ilman laitetta$$bn$$2rdamedia
011535256 338   L $$anide$$bnc$$2rdacarrier
011535256 4901  L $$aOtavan joulukirjanen 1944
011535256 500   L $$aOsa painoksesta kuuluu sarjaan.
011535256 500   L $$aPalkittu Aleksis Kiven Seuran kuvituskilpailussa
011535256 5611  L $$aH Reenpää: [Heikki Reenpää].$$5HELKA
011535256 563   L $$aNidottu.
011535256 583   L $$aAUTOMATICALLY MERGED FROM (FI-MELINDA)001955286 + (FI-MELINDA)009268628$$c2017-10-20T18:42:16+03:00$$5MELINDA
011535256 650 7 L $$akaunokirjallisuus$$xsuomenkielinen kirjallisuus$$2ysa
011535256 650 7 L $$anäytelmät$$xsuomen kieli$$2ysa
011535256 650 7 L $$asuomenkielinen kirjallisuus$$xnäytelmäkirjallisuus$$xkomediat$$y1860-luku$$2ysa
011535256 650 7 L $$akomediat$$2kaunokki
011535256 650 7 L $$askådespel$$xfinska$$2bella
011535256 7001  L $$aTanttu, Erkki.
011535256 7101  L $$aTanttu, Erkki,$$ekuvittaja.
011535256 830 0 L $$aOtavan joulukirjanen ;$$v1944.
011535256 904   L $$ap$$5FENNI
011535256 908   L $$afi
