011535257 FMT   L BK
011535257 LDR   L 00000cam^a22005414i^4500
011535257 001   L 011535257
011535257 005   L 20190202111521.0
011535257 008   L 171020s1956^^^^fi^||||||||||^||||d|fin||
011535257 015   L $$af568473$$2skl
011535257 035   L $$z(FI-MELINDA)002348400
011535257 035   L $$z(FI-MELINDA)010045200
011535257 035   L $$a(FI-MELINDA)011535257
011535257 040   L $$aFI-NL
011535257 0410  L $$afin
011535257 042   L $$afinb
011535257 080   L $$a894.541$$x-2$$9FENNI<KEEP>
011535257 084   L $$a83.2$$2ykl
011535257 1001  L $$aKivi, Aleksis,$$d1834-1872.$$0(FIN11)000068031
011535257 24510 L $$aKihlaus :$$bkomedia /$$cAleksis Kivi.
011535257 260   L $$aHelsinki :$$bSuomalaisen kirjallisuuden seura,$$c1956.
011535257 300   L $$a24 sivua
011535257 336   L $$ateksti$$btxt$$2rdacontent
011535257 337   L $$akäytettävissä ilman laitetta$$bn$$2rdamedia
011535257 338   L $$anide$$bnc$$2rdacarrier
011535257 583   L $$aAUTOMATICALLY MERGED FROM (FI-MELINDA)010045200 + (FI-MELINDA)002348400$$c2017-10-20T18:42:31+03:00$$5MELINDA
011535257 650 7 L $$akaunokirjallisuus$$xsuomenkielinen kirjallisuus$$2ysa
011535257 650 7 L $$akomediat$$2ysa
011535257 650 7 L $$anäytelmät$$xsuomen kieli$$2ysa
011535257 650 7 L $$anäytelmät$$2ysa
